[gd_scene load_steps=19 format=3 uid="uid://cmmr1j7eylebf"]

[ext_resource type="Script" path="res://src/script/start.gd" id="1_4lerp"]
[ext_resource type="Texture2D" uid="uid://boxump5ab5drj" path="res://res/img/ui/splash_parts.png" id="1_5os05"]
[ext_resource type="Texture2D" uid="uid://se0p0g3kcopy" path="res://res/img/ui/ui.png" id="2_1aik4"]
[ext_resource type="FontFile" uid="uid://b1bks83bxw2n6" path="res://res/img/font.png" id="4_utjry"]

[sub_resource type="Animation" id="Animation_ecdwc"]
length = 0.001
tracks/0/type = "value"
tracks/0/imported = false
tracks/0/enabled = true
tracks/0/path = NodePath("mask:color")
tracks/0/interp = 1
tracks/0/loop_wrap = true
tracks/0/keys = {
"times": PackedFloat32Array(0),
"transitions": PackedFloat32Array(1),
"update": 0,
"values": [Color(0, 0, 0, 1)]
}
tracks/1/type = "value"
tracks/1/imported = false
tracks/1/enabled = true
tracks/1/path = NodePath("sprite/clouds:position")
tracks/1/interp = 1
tracks/1/loop_wrap = true
tracks/1/keys = {
"times": PackedFloat32Array(0),
"transitions": PackedFloat32Array(1),
"update": 0,
"values": [Vector2(111, 42)]
}
tracks/2/type = "value"
tracks/2/imported = false
tracks/2/enabled = true
tracks/2/path = NodePath("sprite/background_1:position")
tracks/2/interp = 1
tracks/2/loop_wrap = true
tracks/2/keys = {
"times": PackedFloat32Array(0),
"transitions": PackedFloat32Array(1),
"update": 0,
"values": [Vector2(111, 112)]
}
tracks/3/type = "value"
tracks/3/imported = false
tracks/3/enabled = true
tracks/3/path = NodePath("sprite/background_2:position")
tracks/3/interp = 1
tracks/3/loop_wrap = true
tracks/3/keys = {
"times": PackedFloat32Array(0),
"transitions": PackedFloat32Array(1),
"update": 0,
"values": [Vector2(111, 111)]
}
tracks/4/type = "value"
tracks/4/imported = false
tracks/4/enabled = true
tracks/4/path = NodePath("sprite/wheels:position")
tracks/4/interp = 1
tracks/4/loop_wrap = true
tracks/4/keys = {
"times": PackedFloat32Array(0),
"transitions": PackedFloat32Array(1),
"update": 0,
"values": [Vector2(30, 178)]
}
tracks/5/type = "value"
tracks/5/imported = false
tracks/5/enabled = true
tracks/5/path = NodePath("sprite/fridge:position")
tracks/5/interp = 1
tracks/5/loop_wrap = true
tracks/5/keys = {
"times": PackedFloat32Array(0),
"transitions": PackedFloat32Array(1),
"update": 0,
"values": [Vector2(291, 169)]
}
tracks/6/type = "value"
tracks/6/imported = false
tracks/6/enabled = true
tracks/6/path = NodePath("sprite/ground:position")
tracks/6/interp = 1
tracks/6/loop_wrap = true
tracks/6/keys = {
"times": PackedFloat32Array(0),
"transitions": PackedFloat32Array(1),
"update": 0,
"values": [Vector2(111, 180)]
}
tracks/7/type = "value"
tracks/7/imported = false
tracks/7/enabled = true
tracks/7/path = NodePath("sprite/mosquito:position")
tracks/7/interp = 1
tracks/7/loop_wrap = true
tracks/7/keys = {
"times": PackedFloat32Array(0),
"transitions": PackedFloat32Array(1),
"update": 0,
"values": [Vector2(203, 70)]
}
tracks/8/type = "value"
tracks/8/imported = false
tracks/8/enabled = true
tracks/8/path = NodePath("sprite/shadow_mosquito:position")
tracks/8/interp = 1
tracks/8/loop_wrap = true
tracks/8/keys = {
"times": PackedFloat32Array(0),
"transitions": PackedFloat32Array(1),
"update": 0,
"values": [Vector2(215, 183)]
}
tracks/9/type = "value"
tracks/9/imported = false
tracks/9/enabled = true
tracks/9/path = NodePath("sprite/oil:position")
tracks/9/interp = 1
tracks/9/loop_wrap = true
tracks/9/keys = {
"times": PackedFloat32Array(0),
"transitions": PackedFloat32Array(1),
"update": 0,
"values": [Vector2(172, 171)]
}
tracks/10/type = "value"
tracks/10/imported = false
tracks/10/enabled = true
tracks/10/path = NodePath("sprite/flash:visible")
tracks/10/interp = 1
tracks/10/loop_wrap = true
tracks/10/keys = {
"times": PackedFloat32Array(0),
"transitions": PackedFloat32Array(1),
"update": 1,
"values": [false]
}
tracks/11/type = "value"
tracks/11/imported = false
tracks/11/enabled = true
tracks/11/path = NodePath("sprite/pingmy:position")
tracks/11/interp = 1
tracks/11/loop_wrap = true
tracks/11/keys = {
"times": PackedFloat32Array(0),
"transitions": PackedFloat32Array(1),
"update": 0,
"values": [Vector2(120, 122)]
}
tracks/12/type = "value"
tracks/12/imported = false
tracks/12/enabled = true
tracks/12/path = NodePath("sprite/dust:visible")
tracks/12/interp = 1
tracks/12/loop_wrap = true
tracks/12/keys = {
"times": PackedFloat32Array(0),
"transitions": PackedFloat32Array(1),
"update": 1,
"values": [false]
}
tracks/13/type = "value"
tracks/13/imported = false
tracks/13/enabled = true
tracks/13/path = NodePath("sprite/frame1:position")
tracks/13/interp = 1
tracks/13/loop_wrap = true
tracks/13/keys = {
"times": PackedFloat32Array(0),
"transitions": PackedFloat32Array(1),
"update": 0,
"values": [Vector2(419, 175)]
}
tracks/14/type = "value"
tracks/14/imported = false
tracks/14/enabled = true
tracks/14/path = NodePath("sprite/frame2:position")
tracks/14/interp = 1
tracks/14/loop_wrap = true
tracks/14/keys = {
"times": PackedFloat32Array(0),
"transitions": PackedFloat32Array(1),
"update": 0,
"values": [Vector2(-70, 69)]
}
tracks/15/type = "value"
tracks/15/imported = false
tracks/15/enabled = true
tracks/15/path = NodePath("version:visible")
tracks/15/interp = 1
tracks/15/loop_wrap = true
tracks/15/keys = {
"times": PackedFloat32Array(0),
"transitions": PackedFloat32Array(1),
"update": 1,
"values": [false]
}
tracks/16/type = "value"
tracks/16/imported = false
tracks/16/enabled = true
tracks/16/path = NodePath("sprite/sky:color")
tracks/16/interp = 1
tracks/16/loop_wrap = true
tracks/16/keys = {
"times": PackedFloat32Array(0),
"transitions": PackedFloat32Array(1),
"update": 0,
"values": [Color(0.4, 0.419608, 0.627451, 1)]
}
tracks/17/type = "value"
tracks/17/imported = false
tracks/17/enabled = true
tracks/17/path = NodePath("sprite/title:visible")
tracks/17/interp = 1
tracks/17/loop_wrap = true
tracks/17/keys = {
"times": PackedFloat32Array(0),
"transitions": PackedFloat32Array(1),
"update": 1,
"values": [false]
}
tracks/18/type = "value"
tracks/18/imported = false
tracks/18/enabled = true
tracks/18/path = NodePath("sprite/title2:visible")
tracks/18/interp = 1
tracks/18/loop_wrap = true
tracks/18/keys = {
"times": PackedFloat32Array(0),
"transitions": PackedFloat32Array(1),
"update": 1,
"values": [false]
}
tracks/19/type = "value"
tracks/19/imported = false
tracks/19/enabled = true
tracks/19/path = NodePath("sprite/title2:modulate")
tracks/19/interp = 1
tracks/19/loop_wrap = true
tracks/19/keys = {
"times": PackedFloat32Array(0),
"transitions": PackedFloat32Array(1),
"update": 0,
"values": [Color(1, 1, 1, 1)]
}
tracks/20/type = "value"
tracks/20/imported = false
tracks/20/enabled = true
tracks/20/path = NodePath("sprite/button1:position")
tracks/20/interp = 1
tracks/20/loop_wrap = true
tracks/20/keys = {
"times": PackedFloat32Array(0),
"transitions": PackedFloat32Array(1),
"update": 0,
"values": [Vector2(304, 40)]
}
tracks/21/type = "value"
tracks/21/imported = false
tracks/21/enabled = true
tracks/21/path = NodePath("sprite/button1:visible")
tracks/21/interp = 1
tracks/21/loop_wrap = true
tracks/21/keys = {
"times": PackedFloat32Array(0),
"transitions": PackedFloat32Array(1),
"update": 1,
"values": [false]
}
tracks/22/type = "value"
tracks/22/imported = false
tracks/22/enabled = true
tracks/22/path = NodePath("sprite/button2:position")
tracks/22/interp = 1
tracks/22/loop_wrap = true
tracks/22/keys = {
"times": PackedFloat32Array(0),
"transitions": PackedFloat32Array(1),
"update": 0,
"values": [Vector2(313, 90)]
}
tracks/23/type = "value"
tracks/23/imported = false
tracks/23/enabled = true
tracks/23/path = NodePath("sprite/button2:visible")
tracks/23/interp = 1
tracks/23/loop_wrap = true
tracks/23/keys = {
"times": PackedFloat32Array(0),
"transitions": PackedFloat32Array(1),
"update": 1,
"values": [false]
}
tracks/24/type = "value"
tracks/24/imported = false
tracks/24/enabled = true
tracks/24/path = NodePath("sprite/title:modulate")
tracks/24/interp = 1
tracks/24/loop_wrap = true
tracks/24/keys = {
"times": PackedFloat32Array(0),
"transitions": PackedFloat32Array(1),
"update": 0,
"values": [Color(1, 1, 1, 0)]
}
tracks/25/type = "value"
tracks/25/imported = false
tracks/25/enabled = true
tracks/25/path = NodePath("sprite/button3:position")
tracks/25/interp = 1
tracks/25/loop_wrap = true
tracks/25/keys = {
"times": PackedFloat32Array(0),
"transitions": PackedFloat32Array(1),
"update": 0,
"values": [Vector2(304, 40)]
}
tracks/26/type = "value"
tracks/26/imported = false
tracks/26/enabled = true
tracks/26/path = NodePath("sprite/button3:visible")
tracks/26/interp = 1
tracks/26/loop_wrap = true
tracks/26/keys = {
"times": PackedFloat32Array(0),
"transitions": PackedFloat32Array(1),
"update": 1,
"values": [false]
}
tracks/27/type = "value"
tracks/27/imported = false
tracks/27/enabled = true
tracks/27/path = NodePath("sprite/fullscreen:visible")
tracks/27/interp = 1
tracks/27/loop_wrap = true
tracks/27/keys = {
"times": PackedFloat32Array(0),
"transitions": PackedFloat32Array(1),
"update": 1,
"values": [false]
}
tracks/28/type = "value"
tracks/28/imported = false
tracks/28/enabled = true
tracks/28/path = NodePath("keys:visible")
tracks/28/interp = 1
tracks/28/loop_wrap = true
tracks/28/keys = {
"times": PackedFloat32Array(0),
"transitions": PackedFloat32Array(1),
"update": 1,
"values": [false]
}
tracks/29/type = "value"
tracks/29/imported = false
tracks/29/enabled = true
tracks/29/path = NodePath("title:visible")
tracks/29/interp = 1
tracks/29/loop_wrap = true
tracks/29/keys = {
"times": PackedFloat32Array(0),
"transitions": PackedFloat32Array(1),
"update": 1,
"values": [true]
}
tracks/30/type = "value"
tracks/30/imported = false
tracks/30/enabled = true
tracks/30/path = NodePath("sprite:visible")
tracks/30/interp = 1
tracks/30/loop_wrap = true
tracks/30/keys = {
"times": PackedFloat32Array(0),
"transitions": PackedFloat32Array(1),
"update": 1,
"values": [true]
}

[sub_resource type="Animation" id="Animation_migup"]
resource_name = "idle"
length = 10.0
loop_mode = 1
tracks/0/type = "value"
tracks/0/imported = false
tracks/0/enabled = true
tracks/0/path = NodePath("mask:color")
tracks/0/interp = 1
tracks/0/loop_wrap = true
tracks/0/keys = {
"times": PackedFloat32Array(1.6, 1.7, 2),
"transitions": PackedFloat32Array(1, 1, 1),
"update": 0,
"values": [Color(0, 0, 0, 0), Color(1, 1, 1, 1), Color(0, 0, 0, 0)]
}
tracks/1/type = "value"
tracks/1/imported = false
tracks/1/enabled = true
tracks/1/path = NodePath("sprite/flash:visible")
tracks/1/interp = 1
tracks/1/loop_wrap = true
tracks/1/keys = {
"times": PackedFloat32Array(0, 1.1, 1.2, 1.3, 1.4, 1.5, 1.6, 5.8, 5.9, 6, 6.1, 8.8, 8.9, 9, 9.1, 9.2, 9.3),
"transitions": PackedFloat32Array(1, 1, 1, 1, 1, 1, 1, 1, 1, 1, 1, 1, 1, 1, 1, 1, 1),
"update": 1,
"values": [true, false, true, false, true, false, true, false, true, false, true, false, true, false, true, false, true]
}
tracks/2/type = "value"
tracks/2/imported = false
tracks/2/enabled = true
tracks/2/path = NodePath("sprite/sky:color")
tracks/2/interp = 1
tracks/2/loop_wrap = true
tracks/2/keys = {
"times": PackedFloat32Array(0, 0.2, 0.3, 0.4, 0.8, 0.9, 1, 1.2, 1.3, 1.4, 1.5, 1.6, 4.1, 4.2, 4.3, 4.5, 4.6, 4.7, 4.8, 4.9, 8, 8.1, 8.2, 8.4, 8.5, 8.6, 8.7, 8.8),
"transitions": PackedFloat32Array(1, 1, 1, 1, 1, 1, 1, 1, 1, 1, 1, 1, 1, 1, 1, 1, 1, 1, 1, 1, 1, 1, 1, 1, 1, 1, 1, 1),
"update": 0,
"values": [Color(0.4, 0.419608, 0.627451, 1), Color(0.4, 0.419608, 0.627451, 1), Color(1, 1, 1, 1), Color(0.4, 0.419608, 0.627451, 1), Color(0.4, 0.419608, 0.627451, 1), Color(1, 1, 1, 1), Color(0.4, 0.419608, 0.627451, 1), Color(0.4, 0.419608, 0.627451, 1), Color(1, 1, 1, 1), Color(0.4, 0.419608, 0.627451, 1), Color(1, 1, 1, 1), Color(0.4, 0.419608, 0.627451, 1), Color(0.4, 0.419608, 0.627451, 1), Color(1, 1, 1, 1), Color(0.4, 0.419608, 0.627451, 1), Color(0.4, 0.419608, 0.627451, 1), Color(1, 1, 1, 1), Color(0.4, 0.419608, 0.627451, 1), Color(1, 1, 1, 1), Color(0.4, 0.419608, 0.627451, 1), Color(0.4, 0.419608, 0.627451, 1), Color(1, 1, 1, 1), Color(0.4, 0.419608, 0.627451, 1), Color(0.4, 0.419608, 0.627451, 1), Color(1, 1, 1, 1), Color(0.4, 0.419608, 0.627451, 1), Color(1, 1, 1, 1), Color(0.4, 0.419608, 0.627451, 1)]
}
tracks/3/type = "value"
tracks/3/imported = false
tracks/3/enabled = true
tracks/3/path = NodePath("sprite/title:visible")
tracks/3/interp = 1
tracks/3/loop_wrap = true
tracks/3/keys = {
"times": PackedFloat32Array(0),
"transitions": PackedFloat32Array(1),
"update": 1,
"values": [true]
}
tracks/4/type = "value"
tracks/4/imported = false
tracks/4/enabled = true
tracks/4/path = NodePath("sprite/title2:visible")
tracks/4/interp = 1
tracks/4/loop_wrap = true
tracks/4/keys = {
"times": PackedFloat32Array(0, 2.5, 2.9),
"transitions": PackedFloat32Array(1, 1, 1),
"update": 1,
"values": [false, true, false]
}
tracks/5/type = "value"
tracks/5/imported = false
tracks/5/enabled = true
tracks/5/path = NodePath("sprite/title2:modulate")
tracks/5/interp = 1
tracks/5/loop_wrap = true
tracks/5/keys = {
"times": PackedFloat32Array(2.5, 2.7, 2.9),
"transitions": PackedFloat32Array(1, 1, 1),
"update": 0,
"values": [Color(1, 1, 1, 0), Color(1, 1, 1, 1), Color(1, 1, 1, 0)]
}
tracks/6/type = "value"
tracks/6/imported = false
tracks/6/enabled = true
tracks/6/path = NodePath("sprite/title:modulate")
tracks/6/interp = 1
tracks/6/loop_wrap = true
tracks/6/keys = {
"times": PackedFloat32Array(2.5, 2.7, 2.9),
"transitions": PackedFloat32Array(1, 1, 1),
"update": 0,
"values": [Color(1, 1, 1, 1), Color(1, 1, 1, 0), Color(1, 1, 1, 1)]
}
tracks/7/type = "value"
tracks/7/imported = false
tracks/7/enabled = true
tracks/7/path = NodePath("sprite/frame1:position")
tracks/7/interp = 1
tracks/7/loop_wrap = true
tracks/7/keys = {
"times": PackedFloat32Array(0),
"transitions": PackedFloat32Array(1),
"update": 0,
"values": [Vector2(225, 177)]
}
tracks/8/type = "value"
tracks/8/imported = false
tracks/8/enabled = true
tracks/8/path = NodePath("sprite/frame2:position")
tracks/8/interp = 1
tracks/8/loop_wrap = true
tracks/8/keys = {
"times": PackedFloat32Array(0),
"transitions": PackedFloat32Array(1),
"update": 0,
"values": [Vector2(67, 69)]
}

[sub_resource type="Animation" id="Animation_e0mld"]
resource_name = "intro"
length = 3.0
step = 0.05
tracks/0/type = "value"
tracks/0/imported = false
tracks/0/enabled = true
tracks/0/path = NodePath("mask:color")
tracks/0/interp = 1
tracks/0/loop_wrap = true
tracks/0/keys = {
"times": PackedFloat32Array(0, 0.3, 1.6, 1.7, 2),
"transitions": PackedFloat32Array(1, 1, 1, 1, 1),
"update": 0,
"values": [Color(0, 0, 0, 1), Color(0, 0, 0, 0), Color(0, 0, 0, 0), Color(1, 1, 1, 1), Color(0, 0, 0, 0)]
}
tracks/1/type = "value"
tracks/1/imported = false
tracks/1/enabled = true
tracks/1/path = NodePath("sprite/clouds:position")
tracks/1/interp = 1
tracks/1/loop_wrap = true
tracks/1/keys = {
"times": PackedFloat32Array(0, 1),
"transitions": PackedFloat32Array(1, 1),
"update": 0,
"values": [Vector2(170, 42), Vector2(111, 42)]
}
tracks/2/type = "value"
tracks/2/imported = false
tracks/2/enabled = true
tracks/2/path = NodePath("sprite/background_1:position")
tracks/2/interp = 1
tracks/2/loop_wrap = true
tracks/2/keys = {
"times": PackedFloat32Array(0, 1),
"transitions": PackedFloat32Array(1, 1),
"update": 0,
"values": [Vector2(130, 112), Vector2(111, 112)]
}
tracks/3/type = "value"
tracks/3/imported = false
tracks/3/enabled = true
tracks/3/path = NodePath("sprite/background_2:position")
tracks/3/interp = 1
tracks/3/loop_wrap = true
tracks/3/keys = {
"times": PackedFloat32Array(0, 1),
"transitions": PackedFloat32Array(1, 1),
"update": 0,
"values": [Vector2(160, 111), Vector2(111, 111)]
}
tracks/4/type = "value"
tracks/4/imported = false
tracks/4/enabled = true
tracks/4/path = NodePath("sprite/wheels:position")
tracks/4/interp = 1
tracks/4/loop_wrap = true
tracks/4/keys = {
"times": PackedFloat32Array(0, 1),
"transitions": PackedFloat32Array(1, 1),
"update": 0,
"values": [Vector2(200, 178), Vector2(30, 178)]
}
tracks/5/type = "value"
tracks/5/imported = false
tracks/5/enabled = true
tracks/5/path = NodePath("sprite/fridge:position")
tracks/5/interp = 1
tracks/5/loop_wrap = true
tracks/5/keys = {
"times": PackedFloat32Array(0, 1),
"transitions": PackedFloat32Array(1, 1),
"update": 0,
"values": [Vector2(400, 169), Vector2(291, 169)]
}
tracks/6/type = "value"
tracks/6/imported = false
tracks/6/enabled = true
tracks/6/path = NodePath("sprite/ground:position")
tracks/6/interp = 1
tracks/6/loop_wrap = true
tracks/6/keys = {
"times": PackedFloat32Array(0, 1),
"transitions": PackedFloat32Array(1, 1),
"update": 0,
"values": [Vector2(160, 182), Vector2(111, 182)]
}
tracks/7/type = "value"
tracks/7/imported = false
tracks/7/enabled = true
tracks/7/path = NodePath("sprite/mosquito:position")
tracks/7/interp = 1
tracks/7/loop_wrap = true
tracks/7/keys = {
"times": PackedFloat32Array(0, 1.2),
"transitions": PackedFloat32Array(1, 1),
"update": 0,
"values": [Vector2(354, -35), Vector2(203, 70)]
}
tracks/8/type = "value"
tracks/8/imported = false
tracks/8/enabled = true
tracks/8/path = NodePath("sprite/shadow_mosquito:position")
tracks/8/interp = 1
tracks/8/loop_wrap = true
tracks/8/keys = {
"times": PackedFloat32Array(0, 1.2),
"transitions": PackedFloat32Array(1, 1),
"update": 0,
"values": [Vector2(350, 183), Vector2(215, 183)]
}
tracks/9/type = "value"
tracks/9/imported = false
tracks/9/enabled = true
tracks/9/path = NodePath("sprite/oil:position")
tracks/9/interp = 1
tracks/9/loop_wrap = true
tracks/9/keys = {
"times": PackedFloat32Array(0, 1),
"transitions": PackedFloat32Array(1, 1),
"update": 0,
"values": [Vector2(240, 171), Vector2(172, 171)]
}
tracks/10/type = "value"
tracks/10/imported = false
tracks/10/enabled = true
tracks/10/path = NodePath("sprite/flash:visible")
tracks/10/interp = 1
tracks/10/loop_wrap = true
tracks/10/keys = {
"times": PackedFloat32Array(0, 1.2, 1.3, 1.4, 1.5, 1.6),
"transitions": PackedFloat32Array(1, 1, 1, 1, 1, 1),
"update": 1,
"values": [false, true, false, true, false, true]
}
tracks/11/type = "value"
tracks/11/imported = false
tracks/11/enabled = true
tracks/11/path = NodePath("sprite/pingmy:position")
tracks/11/interp = 1
tracks/11/loop_wrap = true
tracks/11/keys = {
"times": PackedFloat32Array(0.1, 0.8, 1),
"transitions": PackedFloat32Array(1, 1, 1),
"update": 0,
"values": [Vector2(36, 130), Vector2(100, 135), Vector2(120, 122)]
}
tracks/12/type = "value"
tracks/12/imported = false
tracks/12/enabled = true
tracks/12/path = NodePath("sprite/dust:visible")
tracks/12/interp = 1
tracks/12/loop_wrap = true
tracks/12/keys = {
"times": PackedFloat32Array(0, 0.8),
"transitions": PackedFloat32Array(1, 1),
"update": 1,
"values": [false, true]
}
tracks/13/type = "value"
tracks/13/imported = false
tracks/13/enabled = true
tracks/13/path = NodePath("sprite/frame1:position")
tracks/13/interp = 1
tracks/13/loop_wrap = true
tracks/13/keys = {
"times": PackedFloat32Array(1.3, 1.7),
"transitions": PackedFloat32Array(1, 1),
"update": 0,
"values": [Vector2(419, 177), Vector2(225, 177)]
}
tracks/14/type = "value"
tracks/14/imported = false
tracks/14/enabled = true
tracks/14/path = NodePath("sprite/frame2:position")
tracks/14/interp = 1
tracks/14/loop_wrap = true
tracks/14/keys = {
"times": PackedFloat32Array(1.3, 1.8),
"transitions": PackedFloat32Array(1, 1),
"update": 0,
"values": [Vector2(-70, 69), Vector2(67, 69)]
}
tracks/15/type = "value"
tracks/15/imported = false
tracks/15/enabled = true
tracks/15/path = NodePath("version:visible")
tracks/15/interp = 1
tracks/15/loop_wrap = true
tracks/15/keys = {
"times": PackedFloat32Array(0, 1.9),
"transitions": PackedFloat32Array(1, 1),
"update": 1,
"values": [false, true]
}
tracks/16/type = "value"
tracks/16/imported = false
tracks/16/enabled = true
tracks/16/path = NodePath("sprite/sky:color")
tracks/16/interp = 1
tracks/16/loop_wrap = true
tracks/16/keys = {
"times": PackedFloat32Array(0, 0.2, 0.3, 0.4, 0.8, 0.9, 1, 1.2, 1.3, 1.4, 1.5, 1.6),
"transitions": PackedFloat32Array(1, 1, 1, 1, 1, 1, 1, 1, 1, 1, 1, 1),
"update": 0,
"values": [Color(0.4, 0.419608, 0.627451, 1), Color(0.4, 0.419608, 0.627451, 1), Color(1, 1, 1, 1), Color(0.4, 0.419608, 0.627451, 1), Color(0.4, 0.419608, 0.627451, 1), Color(1, 1, 1, 1), Color(0.4, 0.419608, 0.627451, 1), Color(0.4, 0.419608, 0.627451, 1), Color(1, 1, 1, 1), Color(0.4, 0.419608, 0.627451, 1), Color(1, 1, 1, 1), Color(0.4, 0.419608, 0.627451, 1)]
}
tracks/17/type = "value"
tracks/17/imported = false
tracks/17/enabled = true
tracks/17/path = NodePath("sprite/title:visible")
tracks/17/interp = 1
tracks/17/loop_wrap = true
tracks/17/keys = {
"times": PackedFloat32Array(0, 2.7),
"transitions": PackedFloat32Array(1, 1),
"update": 1,
"values": [false, true]
}
tracks/18/type = "value"
tracks/18/imported = false
tracks/18/enabled = true
tracks/18/path = NodePath("sprite/title2:visible")
tracks/18/interp = 1
tracks/18/loop_wrap = true
tracks/18/keys = {
"times": PackedFloat32Array(0, 2.5, 2.9),
"transitions": PackedFloat32Array(1, 1, 1),
"update": 1,
"values": [false, true, false]
}
tracks/19/type = "value"
tracks/19/imported = false
tracks/19/enabled = true
tracks/19/path = NodePath("sprite/title2:modulate")
tracks/19/interp = 1
tracks/19/loop_wrap = true
tracks/19/keys = {
"times": PackedFloat32Array(2.5, 2.7, 2.9),
"transitions": PackedFloat32Array(1, 1, 1),
"update": 0,
"values": [Color(1, 1, 1, 0), Color(1, 1, 1, 1), Color(1, 1, 1, 0)]
}
tracks/20/type = "value"
tracks/20/imported = false
tracks/20/enabled = true
tracks/20/path = NodePath("sprite/button1:position")
tracks/20/interp = 1
tracks/20/loop_wrap = true
tracks/20/keys = {
"times": PackedFloat32Array(1.7, 2.2, 2.3),
"transitions": PackedFloat32Array(1, 1, 1),
"update": 0,
"values": [Vector2(380, 40), Vector2(296, 40), Vector2(304, 40)]
}
tracks/21/type = "value"
tracks/21/imported = false
tracks/21/enabled = true
tracks/21/path = NodePath("sprite/button1:visible")
tracks/21/interp = 1
tracks/21/loop_wrap = true
tracks/21/keys = {
"times": PackedFloat32Array(0, 1.7),
"transitions": PackedFloat32Array(1, 1),
"update": 1,
"values": [false, true]
}
tracks/22/type = "value"
tracks/22/imported = false
tracks/22/enabled = true
tracks/22/path = NodePath("sprite/button2:position")
tracks/22/interp = 1
tracks/22/loop_wrap = true
tracks/22/keys = {
"times": PackedFloat32Array(2, 2.4, 2.5),
"transitions": PackedFloat32Array(1, 1, 1),
"update": 0,
"values": [Vector2(352, 90), Vector2(310, 90), Vector2(313, 90)]
}
tracks/23/type = "value"
tracks/23/imported = false
tracks/23/enabled = true
tracks/23/path = NodePath("sprite/button2:visible")
tracks/23/interp = 1
tracks/23/loop_wrap = true
tracks/23/keys = {
"times": PackedFloat32Array(0, 2),
"transitions": PackedFloat32Array(1, 1),
"update": 1,
"values": [false, true]
}
tracks/24/type = "value"
tracks/24/imported = false
tracks/24/enabled = true
tracks/24/path = NodePath("sprite/title:modulate")
tracks/24/interp = 1
tracks/24/loop_wrap = true
tracks/24/keys = {
"times": PackedFloat32Array(2.7, 2.9),
"transitions": PackedFloat32Array(1, 1),
"update": 0,
"values": [Color(1, 1, 1, 0), Color(1, 1, 1, 1)]
}
tracks/25/type = "method"
tracks/25/imported = false
tracks/25/enabled = true
tracks/25/path = NodePath(".")
tracks/25/interp = 1
tracks/25/loop_wrap = true
tracks/25/keys = {
"times": PackedFloat32Array(2.6),
"transitions": PackedFloat32Array(1),
"values": [{
"args": [],
"method": &"set_available"
}]
}
tracks/26/type = "value"
tracks/26/imported = false
tracks/26/enabled = true
tracks/26/path = NodePath("sprite/fullscreen:visible")
tracks/26/interp = 1
tracks/26/loop_wrap = true
tracks/26/keys = {
"times": PackedFloat32Array(0, 2.3),
"transitions": PackedFloat32Array(1, 1),
"update": 1,
"values": [false, true]
}
tracks/27/type = "value"
tracks/27/imported = false
tracks/27/enabled = true
tracks/27/path = NodePath("keys:visible")
tracks/27/interp = 1
tracks/27/loop_wrap = true
tracks/27/keys = {
"times": PackedFloat32Array(0),
"transitions": PackedFloat32Array(1),
"update": 1,
"values": [false]
}
tracks/28/type = "value"
tracks/28/imported = false
tracks/28/enabled = true
tracks/28/path = NodePath("title:visible")
tracks/28/interp = 1
tracks/28/loop_wrap = true
tracks/28/keys = {
"times": PackedFloat32Array(0, 1.9),
"transitions": PackedFloat32Array(1, 1),
"update": 1,
"values": [false, true]
}
tracks/29/type = "value"
tracks/29/imported = false
tracks/29/enabled = true
tracks/29/path = NodePath("sprite:visible")
tracks/29/interp = 1
tracks/29/loop_wrap = true
tracks/29/keys = {
"times": PackedFloat32Array(0.05),
"transitions": PackedFloat32Array(1),
"update": 1,
"values": [true]
}

[sub_resource type="Animation" id="Animation_kpkrr"]
resource_name = "outro"
length = 3.0
tracks/0/type = "value"
tracks/0/imported = false
tracks/0/enabled = true
tracks/0/path = NodePath("mask:color")
tracks/0/interp = 1
tracks/0/loop_wrap = true
tracks/0/keys = {
"times": PackedFloat32Array(0, 0.1, 0.4, 1, 1.2),
"transitions": PackedFloat32Array(1, 1, 1, 1, 1),
"update": 0,
"values": [Color(0, 0, 0, 0), Color(1, 1, 1, 1), Color(0, 0, 0, 0), Color(0, 0, 0, 0), Color(0, 0, 0, 1)]
}
tracks/1/type = "value"
tracks/1/imported = false
tracks/1/enabled = true
tracks/1/path = NodePath("sprite/flash:visible")
tracks/1/interp = 1
tracks/1/loop_wrap = true
tracks/1/keys = {
"times": PackedFloat32Array(0, 0.5, 0.6, 0.7, 0.8, 0.9),
"transitions": PackedFloat32Array(1, 1, 1, 1, 1, 1),
"update": 1,
"values": [false, true, false, true, false, true]
}
tracks/2/type = "value"
tracks/2/imported = false
tracks/2/enabled = true
tracks/2/path = NodePath("sprite/frame1:position")
tracks/2/interp = 1
tracks/2/loop_wrap = true
tracks/2/keys = {
"times": PackedFloat32Array(0.6, 1.2),
"transitions": PackedFloat32Array(1, 1),
"update": 0,
"values": [Vector2(225, 177), Vector2(419, 177)]
}
tracks/3/type = "value"
tracks/3/imported = false
tracks/3/enabled = true
tracks/3/path = NodePath("sprite/frame2:position")
tracks/3/interp = 1
tracks/3/loop_wrap = true
tracks/3/keys = {
"times": PackedFloat32Array(0.7, 1.2),
"transitions": PackedFloat32Array(1, 1),
"update": 0,
"values": [Vector2(67, 69), Vector2(-70, 69)]
}
tracks/4/type = "value"
tracks/4/imported = false
tracks/4/enabled = true
tracks/4/path = NodePath("version:visible")
tracks/4/interp = 1
tracks/4/loop_wrap = true
tracks/4/keys = {
"times": PackedFloat32Array(0, 0.2),
"transitions": PackedFloat32Array(1, 1),
"update": 1,
"values": [true, false]
}
tracks/5/type = "value"
tracks/5/imported = false
tracks/5/enabled = true
tracks/5/path = NodePath("sprite/sky:color")
tracks/5/interp = 1
tracks/5/loop_wrap = true
tracks/5/keys = {
"times": PackedFloat32Array(0, 0.2, 0.3, 0.4, 0.8, 0.9, 1),
"transitions": PackedFloat32Array(1, 1, 1, 1, 1, 1, 1),
"update": 0,
"values": [Color(0.4, 0.419608, 0.627451, 1), Color(0.4, 0.419608, 0.627451, 1), Color(1, 1, 1, 1), Color(0.4, 0.419608, 0.627451, 1), Color(0.4, 0.419608, 0.627451, 1), Color(1, 1, 1, 1), Color(0.4, 0.419608, 0.627451, 1)]
}
tracks/6/type = "value"
tracks/6/imported = false
tracks/6/enabled = true
tracks/6/path = NodePath("sprite/title:visible")
tracks/6/interp = 1
tracks/6/loop_wrap = true
tracks/6/keys = {
"times": PackedFloat32Array(0.4, 0.7),
"transitions": PackedFloat32Array(1, 1),
"update": 1,
"values": [true, false]
}
tracks/7/type = "value"
tracks/7/imported = false
tracks/7/enabled = true
tracks/7/path = NodePath("sprite/title2:visible")
tracks/7/interp = 1
tracks/7/loop_wrap = true
tracks/7/keys = {
"times": PackedFloat32Array(0, 0.4),
"transitions": PackedFloat32Array(1, 1),
"update": 1,
"values": [true, false]
}
tracks/8/type = "value"
tracks/8/imported = false
tracks/8/enabled = true
tracks/8/path = NodePath("sprite/title2:modulate")
tracks/8/interp = 1
tracks/8/loop_wrap = true
tracks/8/keys = {
"times": PackedFloat32Array(0, 0.2, 0.4),
"transitions": PackedFloat32Array(1, 1, 1),
"update": 0,
"values": [Color(1, 1, 1, 0), Color(1, 1, 1, 1), Color(1, 1, 1, 0)]
}
tracks/9/type = "value"
tracks/9/imported = false
tracks/9/enabled = true
tracks/9/path = NodePath("sprite/button1:position")
tracks/9/interp = 1
tracks/9/loop_wrap = true
tracks/9/keys = {
"times": PackedFloat32Array(0.1, 0.2, 0.7),
"transitions": PackedFloat32Array(1, 1, 1),
"update": 0,
"values": [Vector2(304, 40), Vector2(296, 40), Vector2(380, 40)]
}
tracks/10/type = "value"
tracks/10/imported = false
tracks/10/enabled = true
tracks/10/path = NodePath("sprite/button2:position")
tracks/10/interp = 1
tracks/10/loop_wrap = true
tracks/10/keys = {
"times": PackedFloat32Array(0.4, 0.5, 0.7),
"transitions": PackedFloat32Array(1, 1, 1),
"update": 0,
"values": [Vector2(313, 90), Vector2(310, 90), Vector2(360, 90)]
}
tracks/11/type = "value"
tracks/11/imported = false
tracks/11/enabled = true
tracks/11/path = NodePath("sprite/title:modulate")
tracks/11/interp = 1
tracks/11/loop_wrap = true
tracks/11/keys = {
"times": PackedFloat32Array(0.4, 0.7),
"transitions": PackedFloat32Array(1, 1),
"update": 0,
"values": [Color(1, 1, 1, 1), Color(1, 1, 1, 0)]
}
tracks/12/type = "value"
tracks/12/imported = false
tracks/12/enabled = true
tracks/12/path = NodePath("sprite/button3:position")
tracks/12/interp = 1
tracks/12/loop_wrap = true
tracks/12/keys = {
"times": PackedFloat32Array(0.1, 0.2, 0.7),
"transitions": PackedFloat32Array(1, 1, 1),
"update": 0,
"values": [Vector2(304, 40), Vector2(296, 40), Vector2(380, 40)]
}
tracks/13/type = "value"
tracks/13/imported = false
tracks/13/enabled = true
tracks/13/path = NodePath("sprite/button3:visible")
tracks/13/interp = 1
tracks/13/loop_wrap = true
tracks/13/keys = {
"times": PackedFloat32Array(0.7),
"transitions": PackedFloat32Array(1),
"update": 1,
"values": [false]
}
tracks/14/type = "method"
tracks/14/imported = false
tracks/14/enabled = true
tracks/14/path = NodePath(".")
tracks/14/interp = 1
tracks/14/loop_wrap = true
tracks/14/keys = {
"times": PackedFloat32Array(0, 1.4),
"transitions": PackedFloat32Array(1, 1),
"values": [{
"args": [],
"method": &"set_disable"
}, {
"args": [],
"method": &"on_end"
}]
}
tracks/15/type = "value"
tracks/15/imported = false
tracks/15/enabled = true
tracks/15/path = NodePath("sprite/fullscreen:visible")
tracks/15/interp = 1
tracks/15/loop_wrap = true
tracks/15/keys = {
"times": PackedFloat32Array(0, 0.3),
"transitions": PackedFloat32Array(1, 1),
"update": 1,
"values": [true, false]
}
tracks/16/type = "value"
tracks/16/imported = false
tracks/16/enabled = true
tracks/16/path = NodePath("title:visible")
tracks/16/interp = 1
tracks/16/loop_wrap = true
tracks/16/keys = {
"times": PackedFloat32Array(0, 0.2),
"transitions": PackedFloat32Array(1, 1),
"update": 1,
"values": [true, false]
}

[sub_resource type="AnimationLibrary" id="AnimationLibrary_b6jy7"]
_data = {
"RESET": SubResource("Animation_ecdwc"),
"idle": SubResource("Animation_migup"),
"intro": SubResource("Animation_e0mld"),
"outro": SubResource("Animation_kpkrr")
}

[sub_resource type="AnimationNodeAnimation" id="AnimationNodeAnimation_2s0df"]
animation = &"idle"

[sub_resource type="AnimationNodeAnimation" id="AnimationNodeAnimation_cj8fe"]
animation = &"intro"

[sub_resource type="AnimationNodeAnimation" id="AnimationNodeAnimation_m6rqf"]
animation = &"outro"

[sub_resource type="AnimationNodeStateMachineTransition" id="AnimationNodeStateMachineTransition_61so1"]
advance_mode = 2

[sub_resource type="AnimationNodeStateMachineTransition" id="AnimationNodeStateMachineTransition_1jn6a"]
switch_mode = 2
advance_mode = 2

[sub_resource type="AnimationNodeStateMachineTransition" id="AnimationNodeStateMachineTransition_q86vh"]

[sub_resource type="AnimationNodeStateMachineTransition" id="AnimationNodeStateMachineTransition_o7er0"]

[sub_resource type="AnimationNodeStateMachine" id="AnimationNodeStateMachine_7fl8q"]
states/idle/node = SubResource("AnimationNodeAnimation_2s0df")
states/idle/position = Vector2(489, 98)
states/intro/node = SubResource("AnimationNodeAnimation_cj8fe")
states/intro/position = Vector2(358, 100)
states/outro/node = SubResource("AnimationNodeAnimation_m6rqf")
states/outro/position = Vector2(489, -25)
transitions = ["Start", "intro", SubResource("AnimationNodeStateMachineTransition_61so1"), "intro", "idle", SubResource("AnimationNodeStateMachineTransition_1jn6a"), "idle", "outro", SubResource("AnimationNodeStateMachineTransition_q86vh"), "outro", "intro", SubResource("AnimationNodeStateMachineTransition_o7er0")]
graph_offset = Vector2(0, -228)

[sub_resource type="AnimationNodeStateMachinePlayback" id="AnimationNodeStateMachinePlayback_srgr2"]

[node name="start" type="Node2D"]
script = ExtResource("1_4lerp")

[node name="sprite" type="Node2D" parent="."]

[node name="sky" type="ColorRect" parent="sprite"]
offset_right = 321.0
offset_bottom = 208.0
color = Color(0.4, 0.419608, 0.627451, 1)

[node name="clouds" type="Sprite2D" parent="sprite"]
position = Vector2(111, 42)
texture = ExtResource("1_5os05")
region_enabled = true
region_rect = Rect2(0, 0, 420, 84)

[node name="ground" type="Sprite2D" parent="sprite"]
position = Vector2(111, 180)
texture = ExtResource("1_5os05")
region_enabled = true
region_rect = Rect2(0, 177, 420, 56)

[node name="background_1" type="Sprite2D" parent="sprite"]
position = Vector2(111, 112)
texture = ExtResource("1_5os05")
region_enabled = true
region_rect = Rect2(0, 84, 420, 90)

[node name="background_2" type="Sprite2D" parent="sprite"]
position = Vector2(111, 111)
texture = ExtResource("1_5os05")
region_enabled = true
region_rect = Rect2(0, 234, 420, 136)

[node name="shadow_mosquito" type="Sprite2D" parent="sprite"]
position = Vector2(215, 183)
texture = ExtResource("1_5os05")
region_enabled = true
region_rect = Rect2(85, 436, 76, 16)

[node name="flash" type="Sprite2D" parent="sprite"]
visible = false
position = Vector2(236, 98)
texture = ExtResource("1_5os05")
region_enabled = true
region_rect = Rect2(251, 369, 168, 158)

[node name="pingmy" type="Sprite2D" parent="sprite"]
position = Vector2(120, 122)
texture = ExtResource("1_5os05")
region_enabled = true
region_rect = Rect2(161, 366, 90, 100)

[node name="oil" type="Sprite2D" parent="sprite"]
position = Vector2(172, 171)
texture = ExtResource("1_5os05")
region_enabled = true
region_rect = Rect2(73, 365, 82, 70)

[node name="dust" type="Sprite2D" parent="sprite"]
visible = false
position = Vector2(99, 177)
texture = ExtResource("1_5os05")
region_enabled = true
region_rect = Rect2(200, 468, 56, 30)

[node name="mosquito" type="Sprite2D" parent="sprite"]
position = Vector2(203, 70)
texture = ExtResource("1_5os05")
region_enabled = true
region_rect = Rect2(188, 674, 97, 126)

[node name="wheels" type="Sprite2D" parent="sprite"]
position = Vector2(30, 178)
texture = ExtResource("1_5os05")
region_enabled = true
region_rect = Rect2(249, 535, 169, 73)

[node name="fridge" type="Sprite2D" parent="sprite"]
position = Vector2(291, 169)
texture = ExtResource("1_5os05")
region_enabled = true
region_rect = Rect2(1, 465, 96, 80)

[node name="frame1" type="Sprite2D" parent="sprite"]
position = Vector2(419, 175)
texture = ExtResource("1_5os05")
region_enabled = true
region_rect = Rect2(202, 608, 195, 66)

[node name="frame2" type="Sprite2D" parent="sprite"]
position = Vector2(-70, 69)
texture = ExtResource("1_5os05")
region_enabled = true
region_rect = Rect2(285, 663, 135, 137)

[node name="title" type="Sprite2D" parent="sprite"]
visible = false
modulate = Color(1, 1, 1, 0)
position = Vector2(68, 31)
texture = ExtResource("1_5os05")
region_enabled = true
region_rect = Rect2(0, 600, 91, 54)

[node name="title2" type="Sprite2D" parent="sprite"]
visible = false
position = Vector2(68, 31)
texture = ExtResource("1_5os05")
region_enabled = true
region_rect = Rect2(0, 546, 91, 54)

[node name="button1" type="Sprite2D" parent="sprite"]
visible = false
position = Vector2(304, 40)
texture = ExtResource("2_1aik4")
region_enabled = true
region_rect = Rect2(224, 64, 96, 64)

[node name="button3" type="Sprite2D" parent="sprite"]
visible = false
position = Vector2(304, 40)
texture = ExtResource("2_1aik4")
region_enabled = true
region_rect = Rect2(320, 64, 96, 64)

[node name="button2" type="Sprite2D" parent="sprite"]
visible = false
position = Vector2(313, 90)
texture = ExtResource("2_1aik4")
region_enabled = true
region_rect = Rect2(416, 64, 64, 32)

[node name="fullscreen" type="Sprite2D" parent="sprite"]
visible = false
position = Vector2(26, 184)
texture = ExtResource("2_1aik4")
region_enabled = true
region_rect = Rect2(480, 64, 32, 32)

[node name="keys" type="Node2D" parent="."]
visible = false

[node name="fullscreen" type="Sprite2D" parent="keys"]
position = Vector2(44, 170)
texture = ExtResource("2_1aik4")
region_enabled = true
region_rect = Rect2(257, 1, 14, 14)

[node name="title" type="Label" parent="."]
offset_left = 265.0
offset_top = 197.0
offset_right = 317.0
offset_bottom = 209.0
theme_override_fonts/font = ExtResource("4_utjry")
text = "VERSION 0.0.1"

[node name="version" type="Label" parent="."]
visible = false
offset_left = 237.0
offset_top = 190.0
offset_right = 317.0
offset_bottom = 202.0
theme_override_fonts/font = ExtResource("4_utjry")
text = "TOGOMO PROJECT #01.1
"

[node name="mask" type="ColorRect" parent="."]
visible = false
offset_right = 321.0
offset_bottom = 208.0
color = Color(0, 0, 0, 1)

[node name="animation" type="Node" parent="."]

[node name="def" type="AnimationPlayer" parent="animation"]
root_node = NodePath("../..")
libraries = {
"": SubResource("AnimationLibrary_b6jy7")
}

[node name="tree" type="AnimationTree" parent="animation"]
tree_root = SubResource("AnimationNodeStateMachine_7fl8q")
anim_player = NodePath("../def")
active = true
parameters/playback = SubResource("AnimationNodeStateMachinePlayback_srgr2")
