[gd_scene load_steps=6 format=3 uid="uid://32bq8o3jobfv"]

[ext_resource type="Texture2D" uid="uid://be2w2fuqk3wvb" path="res://res/img/cards/cards99.png" id="1_6gc7v"]
[ext_resource type="Texture2D" uid="uid://c77nd8ox76bxj" path="res://res/img/cards/cards01.png" id="1_350ut"]

[sub_resource type="Animation" id="Animation_noi60"]
length = 0.001
tracks/0/type = "value"
tracks/0/imported = false
tracks/0/enabled = true
tracks/0/path = NodePath("background:color")
tracks/0/interp = 1
tracks/0/loop_wrap = true
tracks/0/keys = {
"times": PackedFloat32Array(0),
"transitions": PackedFloat32Array(1),
"update": 0,
"values": [Color(0.847059, 0.0666667, 0.0666667, 1)]
}
tracks/1/type = "value"
tracks/1/imported = false
tracks/1/enabled = true
tracks/1/path = NodePath("background/jacket:position")
tracks/1/interp = 1
tracks/1/loop_wrap = true
tracks/1/keys = {
"times": PackedFloat32Array(0),
"transitions": PackedFloat32Array(1),
"update": 0,
"values": [Vector2(0, 0)]
}
tracks/2/type = "value"
tracks/2/imported = false
tracks/2/enabled = true
tracks/2/path = NodePath("background/background:position")
tracks/2/interp = 1
tracks/2/loop_wrap = true
tracks/2/keys = {
"times": PackedFloat32Array(0),
"transitions": PackedFloat32Array(1),
"update": 0,
"values": [Vector2(27, 32)]
}
tracks/3/type = "value"
tracks/3/imported = false
tracks/3/enabled = true
tracks/3/path = NodePath("background/spark_1:visible")
tracks/3/interp = 1
tracks/3/loop_wrap = true
tracks/3/keys = {
"times": PackedFloat32Array(0),
"transitions": PackedFloat32Array(1),
"update": 1,
"values": [false]
}
tracks/4/type = "value"
tracks/4/imported = false
tracks/4/enabled = true
tracks/4/path = NodePath("background/spark_1:region_rect")
tracks/4/interp = 1
tracks/4/loop_wrap = true
tracks/4/keys = {
"times": PackedFloat32Array(0),
"transitions": PackedFloat32Array(1),
"update": 0,
"values": [Rect2(288, 68, 3, 3)]
}
tracks/5/type = "value"
tracks/5/imported = false
tracks/5/enabled = true
tracks/5/path = NodePath("background/spark_2:visible")
tracks/5/interp = 1
tracks/5/loop_wrap = true
tracks/5/keys = {
"times": PackedFloat32Array(0),
"transitions": PackedFloat32Array(1),
"update": 1,
"values": [false]
}
tracks/6/type = "value"
tracks/6/imported = false
tracks/6/enabled = true
tracks/6/path = NodePath("background/spark_2:region_rect")
tracks/6/interp = 1
tracks/6/loop_wrap = true
tracks/6/keys = {
"times": PackedFloat32Array(0),
"transitions": PackedFloat32Array(1),
"update": 0,
"values": [Rect2(292, 66, 7, 7)]
}
tracks/7/type = "value"
tracks/7/imported = false
tracks/7/enabled = true
tracks/7/path = NodePath("background/spark_1:position")
tracks/7/interp = 1
tracks/7/loop_wrap = true
tracks/7/keys = {
"times": PackedFloat32Array(0),
"transitions": PackedFloat32Array(1),
"update": 0,
"values": [Vector2(15.5, 10.5)]
}

[sub_resource type="Animation" id="Animation_s5aa4"]
resource_name = "default"
length = 5.4
loop_mode = 1
tracks/0/type = "value"
tracks/0/imported = false
tracks/0/enabled = true
tracks/0/path = NodePath("background:color")
tracks/0/interp = 1
tracks/0/loop_wrap = true
tracks/0/keys = {
"times": PackedFloat32Array(0, 4.6, 4.7),
"transitions": PackedFloat32Array(1, 1, 1),
"update": 1,
"values": [Color(0.239216, 0.356863, 0.356863, 1), Color(1, 1, 1, 1), Color(0.239216, 0.356863, 0.356863, 1)]
}
tracks/1/type = "value"
tracks/1/imported = false
tracks/1/enabled = true
tracks/1/path = NodePath("background/jacket:position")
tracks/1/interp = 1
tracks/1/loop_wrap = true
tracks/1/keys = {
"times": PackedFloat32Array(0, 3.4, 3.7, 4.1, 4.5),
"transitions": PackedFloat32Array(1, 1, 1, 1, 1),
"update": 0,
"values": [Vector2(24, 32), Vector2(24, 32), Vector2(24, 34), Vector2(24, 34), Vector2(24, 32)]
}
tracks/2/type = "value"
tracks/2/imported = false
tracks/2/enabled = true
tracks/2/path = NodePath("background/background:position")
tracks/2/interp = 1
tracks/2/loop_wrap = true
tracks/2/keys = {
"times": PackedFloat32Array(0, 2, 2.45186, 4.6),
"transitions": PackedFloat32Array(1, 1, 1, 1),
"update": 0,
"values": [Vector2(27, 32), Vector2(22, 32), Vector2(22, 32), Vector2(27, 32)]
}
tracks/3/type = "value"
tracks/3/imported = false
tracks/3/enabled = true
tracks/3/path = NodePath("background/spark_1:visible")
tracks/3/interp = 1
tracks/3/loop_wrap = true
tracks/3/keys = {
"times": PackedFloat32Array(0, 1.4, 1.9, 2.8, 3.1, 4.7, 5.2),
"transitions": PackedFloat32Array(1, 1, 1, 1, 1, 1, 1),
"update": 1,
"values": [false, true, false, true, false, true, false]
}
tracks/4/type = "value"
tracks/4/imported = false
tracks/4/enabled = true
tracks/4/path = NodePath("background/spark_1:region_rect")
tracks/4/interp = 1
tracks/4/loop_wrap = true
tracks/4/keys = {
"times": PackedFloat32Array(1.4, 1.5, 1.6, 1.7, 1.8, 2.8, 2.9, 3, 4.7, 4.8, 4.9, 5, 5.1),
"transitions": PackedFloat32Array(1, 1, 1, 1, 1, 1, 1, 1, 1, 1, 1, 1, 1),
"update": 1,
"values": [Rect2(288, 68, 3, 3), Rect2(292, 66, 7, 7), Rect2(300, 64, 11, 11), Rect2(292, 66, 7, 7), Rect2(288, 68, 3, 3), Rect2(288, 68, 3, 3), Rect2(292, 66, 7, 7), Rect2(288, 68, 3, 3), Rect2(288, 68, 3, 3), Rect2(292, 66, 7, 7), Rect2(300, 64, 11, 11), Rect2(292, 66, 7, 7), Rect2(288, 68, 3, 3)]
}
tracks/5/type = "value"
tracks/5/imported = false
tracks/5/enabled = true
tracks/5/path = NodePath("background/spark_2:visible")
tracks/5/interp = 1
tracks/5/loop_wrap = true
tracks/5/keys = {
"times": PackedFloat32Array(0, 0.9, 1.2, 2.2, 2.7),
"transitions": PackedFloat32Array(1, 1, 1, 1, 1),
"update": 1,
"values": [false, true, false, true, false]
}
tracks/6/type = "value"
tracks/6/imported = false
tracks/6/enabled = true
tracks/6/path = NodePath("background/spark_2:region_rect")
tracks/6/interp = 1
tracks/6/loop_wrap = true
tracks/6/keys = {
"times": PackedFloat32Array(0.9, 1, 1.1, 2.2, 2.3, 2.4, 2.5, 2.6),
"transitions": PackedFloat32Array(1, 1, 1, 1, 1, 1, 1, 1),
"update": 1,
"values": [Rect2(288, 68, 3, 3), Rect2(292, 66, 7, 7), Rect2(288, 68, 3, 3), Rect2(288, 68, 3, 3), Rect2(292, 66, 7, 7), Rect2(300, 64, 11, 11), Rect2(292, 66, 7, 7), Rect2(288, 68, 3, 3)]
}
tracks/7/type = "value"
tracks/7/imported = false
tracks/7/enabled = true
tracks/7/path = NodePath("background/spark_1:position")
tracks/7/interp = 1
tracks/7/loop_wrap = true
tracks/7/keys = {
"times": PackedFloat32Array(0, 2.3, 4.4),
"transitions": PackedFloat32Array(1, 1, 1),
"update": 1,
"values": [Vector2(15.5, 10.5), Vector2(17.5, 16.5), Vector2(15.5, 10.5)]
}

[sub_resource type="AnimationLibrary" id="AnimationLibrary_84a7u"]
_data = {
"RESET": SubResource("Animation_noi60"),
"default": SubResource("Animation_s5aa4")
}

[node name="card_yellow" type="Node2D"]

[node name="background" type="ColorRect" parent="."]
clip_contents = true
offset_right = 48.0
offset_bottom = 64.0
color = Color(0.847059, 0.0666667, 0.0666667, 1)

[node name="background" type="Sprite2D" parent="background"]
position = Vector2(27, 32)
texture = ExtResource("1_6gc7v")
region_enabled = true
region_rect = Rect2(136, 64, 56, 64)

[node name="jacket" type="Sprite2D" parent="background"]
texture = ExtResource("1_350ut")
hframes = 8
vframes = 10

[node name="spark_1" type="Sprite2D" parent="background"]
visible = false
position = Vector2(15.5, 10.5)
texture = ExtResource("1_350ut")
region_enabled = true
region_rect = Rect2(288, 68, 3, 3)

[node name="spark_2" type="Sprite2D" parent="background"]
visible = false
position = Vector2(35, 16)
texture = ExtResource("1_350ut")
region_enabled = true
region_rect = Rect2(292, 66, 7, 7)

[node name="def" type="AnimationPlayer" parent="."]
autoplay = "default"
libraries = {
"": SubResource("AnimationLibrary_84a7u")
}
